@book{une,
  title={UNE 31-002-94: C{\'a}lculo de las principales caracter{\'\i}sticas te{\'o}ricas de los explosivos},
  author={Asociaci{\'o}n Espa{\~n}ola de Normalizaci{\'o}n y Certificaci{\'o}n},
  url={http://books.google.es/books?id=Fd\_3cQAACAAJ},
  year={1994},
  publisher={AENOR}
}



@book{meyer2008explosives,
  title={Explosives},
  author={Meyer, R. and K{\"o}hler, J. and Homburg, A.},
  isbn={9783527617036},
  url={https://books.google.es/books?id=xyRG0J6VCPsC},
  year={2008},
  publisher={Wiley}
}



@book{mader1997numerical,
  title={Numerical Modeling of Explosives and Propellants, Second Edition},
  author={Mader, C.L.},
  isbn={9780849331497},
  lccn={97021340},
  series={Numerical Modeling of Explosives and Propellants},
  url={https://books.google.es/books?id=\_yjE\_538n9sC},
  year={1997},
  publisher={Taylor \& Francis}
}


